@article{elliott2006active,
  title={An active headrest for personal audio},
  author={Elliott, Stephen J and Jones, Matthew},
  journal={The Journal of the Acoustical Society of America},
  volume={119},
  number={5},
  pages={2702--2709},
  year={2006},
  publisher={ASA}
}

@article{chang2009realization,
  title={A realization of sound focused personal audio system using acoustic contrast control},
  author={Chang, Ji-Ho and Lee, Chan-Hui and Park, Jin-Young and Kim, Yang-Hann},
  journal={The Journal of the Acoustical Society of America},
  volume={125},
  number={4},
  pages={2091--2097},
  year={2009},
  publisher={ASA}
}

@article{elliott2010minimally,
  title={Minimally radiating sources for personal audio},
  author={Elliott, Stephen J and Cheer, Jordan and Murfet, Harry and Holland, Keith R},
  journal={The Journal of the Acoustical Society of America},
  volume={128},
  number={4},
  pages={1721--1728},
  year={2010},
  publisher={ASA}
}

@article{cheer2013practical,
  title={Practical implementation of personal audio in a mobile device},
  author={Cheer, Jordan and Elliott, Stephen J and Kim, Youngtae and Choi, Jung-Woo},
  journal={Journal of the Audio Engineering Society},
  volume={61},
  number={5},
  pages={290--300},
  year={2013},
  publisher={Audio Engineering Society}
}

@article{cheer2013design,
  title={Design and implementation of a car cabin personal audio system},
  author={Cheer, Jordan and Elliott, Stephen J and G{\'a}lvez, Marcos F Sim{\'o}n},
  journal={Journal of the Audio Engineering Society},
  volume={61},
  number={6},
  pages={412--424},
  year={2013},
  publisher={Audio Engineering Society}
}

@article{intelligence2018mobile,
  title={The mobile economy 2018},
  author={GSMA Intelligence},
  journal={GSMA Reports},
  year={2018}
}

@article{galvez2014personal,
  title={Personal audio loudspeaker array as a complementary TV sound system for the hard of hearing},
  author={G{\'a}lvez, Marcos F Sim{\'o}n and Elliott, Stephen J and Cheer, Jordan},
  journal={IEICE Transactions on Fundamentals of Electronics, Communications and Computer Sciences},
  volume={97},
  number={9},
  pages={1824--1831},
  year={2014},
  publisher={The Institute of Electronics, Information and Communication Engineers}
}

@article{olivieri2016theoretical,
  title={Theoretical and experimental comparative analysis of beamforming methods for loudspeaker arrays under given performance constraints},
  author={Olivieri, Ferdinando and Fazi, Filippo Maria and Nelson, Philip A and Shin, Mincheol and Fontana, Simone and Yue, Lang},
  journal={Journal of Sound and Vibration},
  volume={373},
  pages={302--324},
  year={2016},
  publisher={Elsevier}
}

@article{druyvesteyn1997personal,
  title={Personal sound},
  author={Druyvesteyn, WF and Garas, John},
  journal={Journal of the Audio Engineering Society},
  volume={45},
  number={9},
  pages={685--701},
  year={1997},
  publisher={Audio Engineering Society}
}

@article{gruis2011amyotrophic,
  title={Amyotrophic lateral sclerosis patients' self-reported satisfaction with assistive technology},
  author={Gruis, Kirsten L and Wren, Patricia A and Huggins, Jane E},
  journal={Muscle \& nerve},
  volume={43},
  number={5},
  pages={643--647},
  year={2011},
  publisher={Wiley Online Library}
}

@article{choi2002generation,
  title={Generation of an acoustically bright zone with an illuminated region using multiple sources},
  author={Choi, Joung-Woo and Kim, Yang-Hann},
  journal={The Journal of the Acoustical Society of America},
  volume={111},
  number={4},
  pages={1695--1700},
  year={2002},
  publisher={ASA}
}

@article{elliott2012robustness,
  title={Robustness and regularization of personal audio systems},
  author={Elliott, Stephen J and Cheer, Jordan and Choi, Jung-Woo and Kim, Youngtae},
  journal={IEEE Transactions on Audio, Speech, and Language Processing},
  volume={20},
  number={7},
  pages={2123--2133},
  year={2012},
  publisher={IEEE}
}

@article{elliott2011regularisation,
  title={Regularisation and robustness of personal audio systems},
  author={Elliott, Stephen J and Cheer, Jordan},
  year={2011},
  publisher={University of Southampton}
}

@inproceedings{cai2013design,
  title={Design of a time-domain acoustic contrast control for broadband input signals in personal audio systems},
  author={Cai, Yefeng and Wu, Ming and Yang, Jun},
  booktitle={Acoustics, Speech and Signal Processing (ICASSP), 2013 IEEE International Conference on},
  pages={341--345},
  year={2013},
  organization={IEEE}
}

@book{sharapov2016piezo,
  title={Piezo-electric electro-acoustic transducers},
  author={Sharapov, Valeriy and Sotula, Zhanna and Kunickaya, Larisa},
  year={2016},
  publisher={Springer}
}

@article{kwok2004effects,
  title={Effects of niobium doping on the piezoelectric properties of sol--gel-derived lead--zirconate--titanate films},
  author={Kwok, KW and Tsang, RCW and Chan, Helen LW and Choy, CL},
  journal={Journal of applied physics},
  volume={95},
  number={3},
  pages={1372--1376},
  year={2004},
  publisher={AIP}
}

@article{okamoto2017experimental,
  title={Experimental validation of spatial Fourier transform-based multiple sound zone generation with a linear loudspeaker array},
  author={Okamoto, Takuma and Sakaguchi, Atsushi},
  journal={The Journal of the Acoustical Society of America},
  volume={141},
  number={3},
  pages={1769--1780},
  year={2017},
  publisher={ASA}
}

@article{cai2014sound,
  title={Sound reproduction in personal audio systems using the least-squares approach with acoustic contrast control constraint},
  author={Cai, Yefeng and Wu, Ming and Yang, Jun},
  journal={The Journal of the Acoustical Society of America},
  volume={135},
  number={2},
  pages={734--741},
  year={2014},
  publisher={ASA}
}

@article{shin2010maximization,
  title={Maximization of acoustic energy difference between two spaces},
  author={Shin, Mincheol and Lee, Sung Q and Fazi, Filippo M and Nelson, Philip A and Kim, Daesung and Wang, Semyung and Park, Kang Ho and Seo, Jeongil},
  journal={The Journal of the Acoustical Society of America},
  volume={128},
  number={1},
  pages={121--131},
  year={2010},
  publisher={ASA}
}

@article{shin2014controlled,
  title={Controlled sound field with a dual layer loudspeaker array},
  author={Shin, Mincheol and Fazi, Filippo M and Nelson, Philip A and Hirono, Fabio C},
  journal={Journal of Sound and Vibration},
  volume={333},
  number={16},
  pages={3794--3817},
  year={2014},
  publisher={Elsevier}
}

@inproceedings{olivieri2015pressure,
  title={Pressure-matching beamforming method for loudspeaker arrays with frequency dependent selection of control points},
  author={Olivieri, Ferdinando and Fazi, Filippo Maria and Shin, Mincheol and Nelson, Philip},
  booktitle={Audio Engineering Society Convention 138},
  year={2015},
  organization={Audio Engineering Society}
}

@inproceedings{poletti2008investigation,
  title={An investigation of 2-d multizone surround sound systems},
  author={Poletti, Mark},
  booktitle={Audio Engineering Society Convention 125},
  year={2008},
  organization={Audio Engineering Society}
}

@article{kirkeby1996local,
  title={Local sound field reproduction using digital signal processing},
  author={Kirkeby, Ole and Nelson, Philip A and Orduna-Bustamante, Felipe and Hamada, Hareo},
  journal={The Journal of the Acoustical Society of America},
  volume={100},
  number={3},
  pages={1584--1593},
  year={1996},
  publisher={ASA}
}

@article{betlehem2015personal,
  title={Personal Sound Zones: Delivering interface-free audio to multiple listeners},
  author={Betlehem, Terence and Zhang, Wen and Poletti, Mark A and Abhayapala, Thushara D},
  journal={IEEE Signal Processing Magazine},
  volume={32},
  number={2},
  pages={81--91},
  year={2015},
  publisher={IEEE}
}

@article{poletti2007robust,
  title={Robust two-dimensional surround sound reproduction for nonuniform loudspeaker layouts},
  author={Poletti, Mark},
  journal={Journal of the Audio Engineering Society},
  volume={55},
  number={7/8},
  pages={598--610},
  year={2007},
  publisher={Audio Engineering Society}
}

@inproceedings{betlehem2011constrained,
  title={A constrained optimization approach for multi-zone surround sound},
  author={Betlehem, Terence and Teal, Paul D},
  booktitle={Acoustics, Speech and Signal Processing (ICASSP), 2011 IEEE International Conference on},
  pages={437--440},
  year={2011},
  organization={IEEE}
}

@article{chang2012sound,
  title={Sound field control with a circular double-layer array of loudspeakers},
  author={Chang, Ji-Ho and Jacobsen, Finn},
  journal={The Journal of the Acoustical Society of America},
  volume={131},
  number={6},
  pages={4518--4525},
  year={2012},
  publisher={ASA}
}

@inproceedings{moller2012hybrid,
  title={A hybrid method combining synthesis of a sound field and control of acoustic contrast},
  author={M{\o}ller, Martin Bo and Olsen, Martin and Jacobsen, Finn},
  booktitle={Audio Engineering Society Convention 132},
  year={2012},
  organization={Audio Engineering Society}
}

@article{jones2008personal,
  title={Personal audio with multiple dark zones},
  author={Jones, Matthew and Elliott, Stephen J},
  journal={The Journal of the Acoustical Society of America},
  volume={124},
  number={6},
  pages={3497--3506},
  year={2008},
  publisher={ASA}
}

@article{tanter2000time,
  title={Time reversal and the inverse filter},
  author={Tanter, Micka{\"e}l and Thomas, Jean-Louis and Fink, Mathias},
  journal={The Journal of the Acoustical Society of America},
  volume={108},
  number={1},
  pages={223--234},
  year={2000},
  publisher={ASA}
}

@article{chang2009scattering,
  title={Scattering effect on the sound focused personal audio system},
  author={Chang, Ji-Ho and Park, Jin-Young and Kim, Yang-Hann},
  journal={The Journal of the Acoustical Society of America},
  volume={125},
  number={5},
  pages={3060--3066},
  year={2009},
  publisher={ASA}
}

@inproceedings{cheer2011effect,
  title={The effect of finite sized baffles on mobile device personal audio},
  author={Cheer, Jordan and Elliott, Stephen J and Kim, Youngtae and Choi, Jung-Woo},
  booktitle={Audio Engineering Society Convention 130},
  year={2011},
  organization={Audio Engineering Society}
}